1708 2938
1386 174 1529 208 xxm

88 305 110 331 a
145 287 268 330 Sardo
307 289 386 328 bon
422 287 560 328 immid
595 285 775 338 editum,
822 302 876 328 ox
913 300 1058 339 magno
1097 285 1391 329 cantilenarum
1422 286 1531 327 libro

85 363 214 449 Jessffi
250 355 392 435 30:¹²3*ss
427 359 543 422 dass&
587 378 727 419 sumni.
789 377 911 419 Varia
951 386 1191 431 argumenta
1220 377 1319 419 haee
1352 376 1533 419 carmina

86 482 313 531 celebrant,
364 480 675 532 abstinentiam,
721 480 990 530 modestiam,
1039 480 1301 534 patientiam,
1342 493 1534 521 mansue-

85 562 296 613 tudinem,
333 561 608 615 jurationem,
659 561 795 614 sugam
826 560 1045 613 temporis,
1083 560 1316 610 fortunam,
1368 566 1533 601 cantum

87 642 320 691 columbae,
356 654 559 691 amorem,
594 646 852 682 venustatem
871 640 1113 689 mulierum,
1145 641 1407 694 splendorem
1430 639 1534 680 novi

87 722 221 770 veris,
275 721 445 770 vinum,
499 726 644 773 potum
687 721 960 772 matutinum,
1011 720 1145 760 lenem
1189 733 1358 769 auram,
1413 732 1536 774 poma

87 800 273 840 aurantia
311 801 393 840 alta
428 800 526 841 nive
561 800 766 853 inspersa,
817 806 1119 840 murmurantes
1157 800 1288 839 undas
1317 813 1535 851 ramosque

87 880 260 920 flexiles.
343 882 458 931 Quae
506 879 685 933 <lenique
731 894 754 920 a
797 894 885 933 pag.
931 879 1006 919 168
1057 880 1108 919 ad
1151 893 1238 932 pag.
1286 879 1361 928 176
1401 880 1536 931 posita

87 960 303 1012 leguntur,
351 959 640 1012 epigrammata
669 965 766 1000 sunt
793 959 835 999 in
868 959 1004 998 varios
1037 961 1159 999 flores
1191 973 1394 1012 pomaque
1421 958 1535 998 varia

89 1039 219 1088 dicta,
270 1046 312 1078 et
351 1039 517 1091 quidem
545 1039 589 1078 in
618 1038 910 1092 nymphaeam,
953 1040 1203 1089 narcissum,
1243 1052 1400 1087 rosam,
1441 1037 1536 1078 vio-

87 1119 190 1167 lam,
231 1118 448 1166 leuco‘ion,
495 1117 740 1172 jasminum,
781 1133 917 1158 rosam
958 1119 1165 1168 caninam,
1207 1118 1410 1168 ocimum,
1454 1118 1535 1157 flo-

87 1207 180 1238 rem·
216 1199 314 1238 mali
353 1204 561 1250 granatae,
609 1198 755 1238 ssorem
783 1197 898 1251 pomi
928 1212 1097 1250 aureae,
1142 1198 1288 1237 florem
1318 1197 1537 1250 amygdali,

87 1279 235 1318 florem
258 1277 356 1317 mali
371 1276 573 1330 persicae,
601 1278 790 1324 salicem,
822 1279 1057 1317 tamaricem
1069 1294 1086 1327 ‚0
1112 1277 1262 1318 deinde
1285 1277 1328 1315 in
1349 1289 1535 1335 pomum,

88 1357 241 1397 malum
280 1358 476 1407 citreum,
526 1357 680 1398 malum
708 1358 1005 1407 armeniacum,
1053 1357 1337 1410 amygdalum,
1382 1355 1537 1395 malum

89 1441 280 1486 aureum,
316 1437 558 1489 pistacium‚
606 1438 767 1490 pirum,
813 1438 1021 1491 dactylos,
1069 1437 1194 1476 ficum
1222 1442 1266 1475 et
1291 1435 1538 1475 arundinem

89 1514 285 1555 sacchari.
351 1516 419 1555 Ex
459 1530 540 1568 quo
577 1530 726 1568 genere
761 1518 894 1557 multa
931 1517 1040 1570 apud
1074 1517 1231 1557 Arabes
1267 1514 1538 1567 reperiuntur

88 1584 227 1646 lepide
257 1600 300 1634 ot
327 1601 447 1634 acute
474 1595 596 1637 dicta.

201 1695 288 1748 Qui
332 1710 434 1738 vero
454 1726 466 1746 ,
515 1704 736 1750 postquam
781 1698 857 1738 hac
905 1697 1223 1738 chrestomathia
1272 1703 1443 1738 tractata
1491 1697 1538 1735 in

86 1776 270 1830 legendis
305 1776 479 1816 arabicis
512 1777 769 1829 aliquantum
809 1792 852 1818 se
889 1783 1188 1830 exercuerunt,
1238 1778 1288 1817 ad
1317 1777 1466 1817 altiora
1495 1782 1539 1815 et

90 1855 328 1896 difficiliora
369 1856 564 1908 progredi
602 1857 798 1909 cupiunt,
846 1857 899 1896 iis
938 1857 1133 1911 inprimis
1172 1855 1537 1897 commendandam

84 1923 217 1975 habeo
264 1934 625 1983 chrestomathiam
670 1937 871 1976 arabicam
921 1938 1120 1995 amplam,
1175 1951 1199 1976 a
1242 1936 1447 1978 Silvestre
1486 1936 1538 1976 de

90 2017 216 2068 Sacy,
269 2016 363 2055 viro
401 2013 444 2052 in
485 2013 552 2054 his
597 2014 754 2055 litteris
803 2017 911 2070 apud
948 2030 1025 2056 nos
1067 2016 1283 2069 principe,
1331 2016 1538 2067 Lutetiae,

87 2107 150 2134 ao,
186 2093 301 2132 1826·
326 2094 478 2133 iterum
515 2093 688 2145 editam,
731 2095 843 2148 justa
882 2096 1003 2136 laude
1051 2097 1320 2145 cumulatam,
1369 2111 1423 2136 ex
1458 2111 1539 2149 qua

87 2172 134 2211 id
172 2187 336 2225 quoqne
374 2173 531 2213 tirones
570 2173 751 2222 discant,
801 2164 922 2230 quam
962 2176 1091 2215 multa
1118 2177 1163 2214 in
1204 2175 1325 2215 libris
1362 2176 1538 2215 arabicis

89 2252 324 2305 consignata
352 2251 437 2292 sint
465 2253 579 2292 lectu
605 2253 738 2306 digna.
797 2255 893 2304 Quo
924 2269 1018 2293 cum
1046 2255 1257 2295 volvendo
1285 2255 1395 2294 libro
1413 2269 1538 2309 prae·

90 2330 198 2370 claro
235 2331 400 2370 utiliter
436 2331 561 2371 etiam
590 2332 865 2385 conjungetur
894 2333 1021 2372 lectio
1054 2333 1314 2385 anthologiae
1341 2334 1538 2384 arabicae,

89 2423 112 2447 a
150 2410 378 2462 Grangeret
418 2411 470 2450 de
506 2413 741 2464 Lagrange‚
788 2411 884 2452 viro
931 2413 1134 2453 sermonis
1175 2412 1328 2451 arabici
1364 2413 1539 2465 peritis-

89 2489 217 2534 sinm,
263 2489 476 2539 Lutetiae,
532 2505 595 2530 ao.
638 2491 744 2530 1828
787 2491 942 2540 editae,
1005 2505 1085 2544 qua
1136 2497 1283 2530 auctor
1329 2493 1539 2544 praeclara

89 2567 239 2616 multa,
286 2581 338 2605 ex
373 2568 490 2620 Ροὲεἰ
516 2570 701 2610 Arabum
730 2569 992 2623 deprompta,
1039 2570 1283 2622 complexus
1310 2577 1384 2610 est.
1443 2571 1539 2611 Etsi

90 2646 199 2685 enim
238 2645 284 2685 hi
320 2646 420 2686 libri
461 2648 634 2701 adjectis
678 2650 827 2690 lexicis
867 2650 1076 2702 explanati
1111 2663 1196 2690 non
1223 2638 1331 2700 sint,
1374 2650 1538 2690 additae
