<?xml version="1.0" encoding="UTF-8"?>
<!DOCTYPE html PUBLIC "-//W3C//DTD XHTML 1.0 Transitional//EN"
    "http://www.w3.org/TR/xhtml1/DTD/xhtml1-transitional.dtd">
<html xmlns="http://www.w3.org/1999/xhtml" xml:lang="en" lang="en">
 <head>
  <title>
</title>
<meta http-equiv="Content-Type" content="text/html;charset=utf-8" />
  <meta name='ocr-system' content='tesseract 3.04.00' />
  <meta name='ocr-capabilities' content='ocr_page ocr_carea ocr_par ocr_line ocrx_word'/>
</head>
<body>
  <div class='ocr_page' id='page_1' title='image "./chrestomathiaara00koseuoft_0010.png"; bbox 0 0 1780 3008; ppageno 0'>
   <div class='ocr_carea' id='block_1_1' title="bbox 156 192 825 227">
    <p class='ocr_par' dir='ltr' id='par_1_1' title="bbox 156 192 825 227">
     <span class='ocr_line' id='line_1_1' title="bbox 156 192 825 227; baseline 0 -2"><span class='ocrx_word' id='word_1_1' title='bbox 156 192 214 227; x_wconf 78' lang='lat' dir='ltr'><strong>VI</strong></span> <span class='ocrx_word' id='word_1_2' title='bbox 775 216 825 225; x_wconf 74' lang='grc'><strong>.-</strong></span> 
     </span>
    </p>
   </div>
   <div class='ocr_carea' id='block_1_2' title="bbox 826 215 991 226">
    <p class='ocr_par' dir='ltr' id='par_1_2' title="bbox 826 215 991 226">
     <span class='ocr_line' id='line_1_2' title="bbox 826 215 991 226; baseline 0 2782"><span class='ocrx_word' id='word_1_3' title='bbox 826 215 991 226; x_wconf 95' lang='lat' dir='ltr'><strong> </strong></span> 
     </span>
    </p>
   </div>
   <div class='ocr_carea' id='block_1_3' title="bbox 145 301 1626 2645">
    <p class='ocr_par' dir='ltr' id='par_1_3' title="bbox 145 301 1626 831">
     <span class='ocr_line' id='line_1_3' title="bbox 147 301 1626 364; baseline 0.001 -20"><span class='ocrx_word' id='word_1_4' title='bbox 147 310 240 344; x_wconf 82' lang='lat' dir='ltr'><strong>sunt</strong></span> <span class='ocrx_word' id='word_1_5' title='bbox 250 332 263 352; x_wconf 90' lang='lat'><strong>,</strong></span> <span class='ocrx_word' id='word_1_6' title='bbox 315 302 367 342; x_wconf 86' lang='lat' dir='ltr'><strong>ad</strong></span> <span class='ocrx_word' id='word_1_7' title='bbox 404 301 680 355; x_wconf 82' lang='lat' dir='ltr'><strong>rhythmicum</strong></span> <span class='ocrx_word' id='word_1_8' title='bbox 721 305 868 364; x_wconf 82' lang='lat' dir='ltr'><strong>passim</strong></span> <span class='ocrx_word' id='word_1_9' title='bbox 910 306 1136 347; x_wconf 75' lang='lat' dir='ltr'><strong>accedente.</strong></span> <span class='ocrx_word' id='word_1_10' title='bbox 1203 307 1437 357; x_wconf 85' lang='lat' dir='ltr'><strong>Sequuntur</strong></span> <span class='ocrx_word' id='word_1_11' title='bbox 1470 306 1626 359; x_wconf 77' lang='lat' dir='ltr'><strong>capita·</strong></span> 
     </span>
     <span class='ocr_line' id='line_1_4' title="bbox 146 380 1602 436; baseline 0.003 -14"><span class='ocrx_word' id='word_1_12' title='bbox 146 383 340 423; x_wconf 87' lang='lat' dir='ltr'><strong>nonnulla</strong></span> <span class='ocrx_word' id='word_1_13' title='bbox 379 380 590 431; x_wconf 87' lang='lat' dir='ltr'><strong>historica,</strong></span> <span class='ocrx_word' id='word_1_14' title='bbox 634 395 687 421; x_wconf 82' lang='lat' dir='ltr'><strong>ex</strong></span> <span class='ocrx_word' id='word_1_15' title='bbox 721 384 928 425; x_wconf 83' lang='lat' dir='ltr'><strong>annalibus</strong></span> <span class='ocrx_word' id='word_1_16' title='bbox 963 385 1183 435; x_wconf 74' lang='lat' dir='ltr'><strong>Ettaberii‚</strong></span> <span class='ocrx_word' id='word_1_17' title='bbox 1225 385 1276 424; x_wconf 94' lang='lat' dir='ltr'><strong>El</strong></span> <span class='ocrx_word' id='word_1_18' title='bbox 1305 385 1498 436; x_wconf 71' lang='lat' dir='ltr'><strong>mesfidii,</strong></span> <span class='ocrx_word' id='word_1_19' title='bbox 1547 387 1602 426; x_wconf 90' lang='lat' dir='ltr'><strong>El</strong></span> 
     </span>
     <span class='ocr_line' id='line_1_5' title="bbox 148 450 1602 517; baseline 0.001 -16"><span class='ocrx_word' id='word_1_20' title='bbox 148 462 353 510; x_wconf 67' lang='lat' dir='ltr'><strong>makrisii,</strong></span> <span class='ocrx_word' id='word_1_21' title='bbox 393 462 482 500; x_wconf 71' lang='lat' dir='ltr'><strong>Ebu</strong></span> <span class='ocrx_word' id='word_1_22' title='bbox 513 450 757 512; x_wconf 52' lang='lat' dir='ltr'><strong>chanekaemi,</strong></span> <span class='ocrx_word' id='word_1_23' title='bbox 799 464 851 502; x_wconf 83' lang='lat' dir='ltr'><strong>El</strong></span> <span class='ocrx_word' id='word_1_24' title='bbox 878 464 1099 515; x_wconf 54' lang='lat' dir='ltr'><strong>isfahffii,</strong></span> <span class='ocrx_word' id='word_1_25' title='bbox 1129 465 1262 517; x_wconf 78' lang='lat' dir='ltr'><strong>magni</strong></span> <span class='ocrx_word' id='word_1_26' title='bbox 1282 464 1457 504; x_wconf 66' lang='lat' dir='ltr'><strong>nominis</strong></span> <span class='ocrx_word' id='word_1_27' title='bbox 1485 465 1602 505; x_wconf 80' lang='lat' dir='ltr'><strong>viro-</strong></span> 
     </span>
     <span class='ocr_line' id='line_1_6' title="bbox 145 538 1603 596; baseline 0.002 -16"><span class='ocrx_word' id='word_1_28' title='bbox 145 554 260 587; x_wconf 86' lang='lat' dir='ltr'><strong>rum,</strong></span> <span class='ocrx_word' id='word_1_29' title='bbox 309 539 456 579; x_wconf 85' lang='lat' dir='ltr'><strong>hausta.</strong></span> <span class='ocrx_word' id='word_1_30' title='bbox 523 538 726 580; x_wconf 69' lang='lat' dir='ltr'><strong>claudunt</strong></span> <span class='ocrx_word' id='word_1_31' title='bbox 763 555 906 593; x_wconf 85' lang='lat' dir='ltr'><strong>agmen</strong></span> <span class='ocrx_word' id='word_1_32' title='bbox 944 544 1097 595; x_wconf 84' lang='lat' dir='ltr'><strong>aliquot</strong></span> <span class='ocrx_word' id='word_1_33' title='bbox 1133 545 1308 583; x_wconf 87' lang='lat' dir='ltr'><strong>carmina</strong></span> <span class='ocrx_word' id='word_1_34' title='bbox 1335 549 1377 583; x_wconf 89' lang='lat' dir='ltr'><strong>et</strong></span> <span class='ocrx_word' id='word_1_35' title='bbox 1403 544 1603 596; x_wconf 87' lang='lat' dir='ltr'><strong>epigram-</strong></span> 
     </span>
     <span class='ocr_line' id='line_1_7' title="bbox 149 618 1604 675; baseline 0.002 -16"><span class='ocrx_word' id='word_1_36' title='bbox 149 626 275 668; x_wconf 86' lang='lat' dir='ltr'><strong>mata,</strong></span> <span class='ocrx_word' id='word_1_37' title='bbox 309 633 409 671; x_wconf 90' lang='lat' dir='ltr'><strong>quae</strong></span> <span class='ocrx_word' id='word_1_38' title='bbox 431 618 546 658; x_wconf 87' lang='lat' dir='ltr'><strong>varia</strong></span> <span class='ocrx_word' id='word_1_39' title='bbox 565 627 798 672; x_wconf 85' lang='lat' dir='ltr'><strong>argumenta</strong></span> <span class='ocrx_word' id='word_1_40' title='bbox 815 627 1004 672; x_wconf 66' lang='lat' dir='ltr'><strong>tractant,</strong></span> <span class='ocrx_word' id='word_1_41' title='bbox 1032 623 1182 675; x_wconf 84' lang='lat' dir='ltr'><strong>scripta</strong></span> <span class='ocrx_word' id='word_1_42' title='bbox 1202 635 1390 662; x_wconf 88' lang='lat' dir='ltr'><strong>sermone</strong></span> <span class='ocrx_word' id='word_1_43' title='bbox 1407 623 1604 675; x_wconf 80' lang='lat' dir='ltr'><strong>expolite,</strong></span> 
     </span>
     <span class='ocr_line' id='line_1_8' title="bbox 149 687 1605 753; baseline 0.001 -15"><span class='ocrx_word' id='word_1_44' title='bbox 149 705 322 738; x_wconf 81' lang='lat' dir='ltr'><strong>attamen</strong></span> <span class='ocrx_word' id='word_1_45' title='bbox 358 698 553 750; x_wconf 86' lang='lat' dir='ltr'>planiori,</span> <span class='ocrx_word' id='word_1_46' title='bbox 605 712 724 751; x_wconf 87' lang='lat' dir='ltr'><strong>quam</strong></span> <span class='ocrx_word' id='word_1_47' title='bbox 770 700 839 752; x_wconf 89' lang='lat' dir='ltr'><strong>qui</strong></span> <span class='ocrx_word' id='word_1_48' title='bbox 883 714 1052 740; x_wconf 89' lang='lat' dir='ltr'><strong>severus</strong></span> <span class='ocrx_word' id='word_1_49' title='bbox 1098 708 1139 739; x_wconf 90' lang='lat' dir='ltr'><strong>et</strong></span> <span class='ocrx_word' id='word_1_50' title='bbox 1186 714 1304 753; x_wconf 83' lang='lat' dir='ltr'>asper</span> <span class='ocrx_word' id='word_1_51' title='bbox 1343 687 1487 753; x_wconf 86' lang='lat' dir='ltr'><strong>priscis</strong></span> <span class='ocrx_word' id='word_1_52' title='bbox 1525 701 1605 741; x_wconf 88' lang='lat' dir='ltr'><strong>illis</strong></span> 
     </span>
     <span class='ocr_line' id='line_1_9' title="bbox 150 775 1315 831; baseline 0.002 -17"><span class='ocrx_word' id='word_1_53' title='bbox 150 777 298 828; x_wconf 85' lang='lat' dir='ltr'><strong>poetis,</strong></span> <span class='ocrx_word' id='word_1_54' title='bbox 338 775 633 816; x_wconf 80' lang='lat' dir='ltr'><strong>Mohammedis</strong></span> <span class='ocrx_word' id='word_1_55' title='bbox 663 779 910 831; x_wconf 81' lang='lat' dir='ltr'><strong>aequalibus,</strong></span> <span class='ocrx_word' id='word_1_56' title='bbox 950 779 1119 818; x_wconf 84' lang='lat' dir='ltr'><strong>usitatus</strong></span> <span class='ocrx_word' id='word_1_57' title='bbox 1149 786 1217 818; x_wconf 83' lang='lat' dir='ltr'><strong>est.</strong></span> <span class='ocrx_word' id='word_1_58' title='bbox 1304 791 1315 816; x_wconf 75' lang='grc' dir='ltr'>ι</span> 
     </span>
    </p>

    <p class='ocr_par' dir='ltr' id='par_1_4' title="bbox 154 855 1615 2645">
     <span class='ocr_line' id='line_1_10' title="bbox 266 855 1606 911; baseline 0.003 -18"><span class='ocrx_word' id='word_1_59' title='bbox 266 855 382 894; x_wconf 87' lang='lat' dir='ltr'>Libri</span> <span class='ocrx_word' id='word_1_60' title='bbox 417 869 537 895; x_wconf 89' lang='lat' dir='ltr'><strong>manu</strong></span> <span class='ocrx_word' id='word_1_61' title='bbox 573 857 732 909; x_wconf 82' lang='lat' dir='ltr'><strong>scripti,</strong></span> <span class='ocrx_word' id='word_1_62' title='bbox 789 872 843 897; x_wconf 71' lang='lat' dir='ltr'><strong>ex</strong></span> <span class='ocrx_word' id='word_1_63' title='bbox 887 858 1030 910; x_wconf 85' lang='lat' dir='ltr'><strong>quibus</strong></span> <span class='ocrx_word' id='word_1_64' title='bbox 1071 864 1200 897; x_wconf 80' lang='lat' dir='ltr'><strong>sumta</strong></span> <span class='ocrx_word' id='word_1_65' title='bbox 1240 863 1356 908; x_wconf 88' lang='lat' dir='ltr'><strong>sunt,</strong></span> <span class='ocrx_word' id='word_1_66' title='bbox 1415 872 1517 911; x_wconf 84' lang='lat' dir='ltr'><strong>quae</strong></span> <span class='ocrx_word' id='word_1_67' title='bbox 1553 872 1606 898; x_wconf 82' lang='lat' dir='ltr'><strong>ex</strong></span> 
     </span>
     <span class='ocr_line' id='line_1_11' title="bbox 154 923 1606 988; baseline 0.002 -16"><span class='ocrx_word' id='word_1_68' title='bbox 154 933 264 973; x_wconf 88' lang='lat' dir='ltr'><strong>mille</strong></span> <span class='ocrx_word' id='word_1_69' title='bbox 303 935 486 974; x_wconf 89' lang='lat' dir='ltr'><strong>noctibus</strong></span> <span class='ocrx_word' id='word_1_70' title='bbox 525 943 643 988; x_wconf 89' lang='lat' dir='ltr'><strong>atque</strong></span> <span class='ocrx_word' id='word_1_71' title='bbox 679 936 845 975; x_wconf 89' lang='lat' dir='ltr'><strong>historia</strong></span> <span class='ocrx_word' id='word_1_72' title='bbox 884 938 1126 977; x_wconf 86' lang='lat' dir='ltr'><strong>bellatorum</strong></span> <span class='ocrx_word' id='word_1_73' title='bbox 1165 923 1210 975; x_wconf 35' lang='lat' dir='ltr'><strong>et.</strong></span> <span class='ocrx_word' id='word_1_74' title='bbox 1233 937 1402 976; x_wconf 88' lang='lat' dir='ltr'><strong>historia</strong></span> <span class='ocrx_word' id='word_1_75' title='bbox 1427 938 1606 978; x_wconf 83' lang='lat' dir='ltr'><strong>Antarae</strong></span> 
     </span>
     <span class='ocr_line' id='line_1_12' title="bbox 155 1011 1607 1067; baseline 0.003 -17"><span class='ocrx_word' id='word_1_76' title='bbox 155 1011 367 1064; x_wconf 83' lang='lat' dir='ltr'><strong>depromta</strong></span> <span class='ocrx_word' id='word_1_77' title='bbox 404 1013 518 1064; x_wconf 87' lang='lat' dir='ltr'><strong>dedi,</strong></span> <span class='ocrx_word' id='word_1_78' title='bbox 571 1026 653 1054; x_wconf 89' lang='lat' dir='ltr'><strong>non</strong></span> <span class='ocrx_word' id='word_1_79' title='bbox 701 1016 848 1067; x_wconf 89' lang='lat' dir='ltr'><strong>ubique</strong></span> <span class='ocrx_word' id='word_1_80' title='bbox 897 1017 988 1054; x_wconf 83' lang='lat' dir='ltr'><strong>satis</strong></span> <span class='ocrx_word' id='word_1_81' title='bbox 1039 1016 1248 1055; x_wconf 80' lang='lat' dir='ltr'><strong>emendate</strong></span> <span class='ocrx_word' id='word_1_82' title='bbox 1297 1017 1449 1055; x_wconf 84' lang='lat' dir='ltr'><strong>exarati</strong></span> <span class='ocrx_word' id='word_1_83' title='bbox 1490 1022 1607 1065; x_wconf 78' lang='lat' dir='ltr'><strong>sunt3</strong></span> 
     </span>
     <span class='ocr_line' id='line_1_13' title="bbox 155 1089 1606 1147; baseline 0.003 -19"><span class='ocrx_word' id='word_1_84' title='bbox 155 1089 226 1129; x_wconf 86' lang='lat' dir='ltr'><strong>sed</strong></span> <span class='ocrx_word' id='word_1_85' title='bbox 272 1092 418 1143; x_wconf 88' lang='lat' dir='ltr'><strong>passim</strong></span> <span class='ocrx_word' id='word_1_86' title='bbox 465 1093 508 1131; x_wconf 90' lang='lat' dir='ltr'><strong>in</strong></span> <span class='ocrx_word' id='word_1_87' title='bbox 555 1093 604 1132; x_wconf 91' lang='lat' dir='ltr'><strong>iis</strong></span> <span class='ocrx_word' id='word_1_88' title='bbox 646 1094 917 1134; x_wconf 82' lang='lat' dir='ltr'><strong>nominativus</strong></span> <span class='ocrx_word' id='word_1_89' title='bbox 957 1089 1111 1147; x_wconf 78' lang='lat' dir='ltr'><strong>positus</strong></span> <span class='ocrx_word' id='word_1_90' title='bbox 1150 1101 1210 1133; x_wconf 86' lang='lat' dir='ltr'><strong>est</strong></span> <span class='ocrx_word' id='word_1_91' title='bbox 1246 1108 1322 1147; x_wconf 93' lang='lat' dir='ltr'><strong>pro</strong></span> <span class='ocrx_word' id='word_1_92' title='bbox 1359 1095 1606 1144; x_wconf 82' lang='lat' dir='ltr'><strong>accusativo,</strong></span> 
     </span>
     <span class='ocr_line' id='line_1_14' title="bbox 155 1158 1609 1226; baseline 0.003 -19"><span class='ocrx_word' id='word_1_93' title='bbox 155 1174 275 1221; x_wconf 87' lang='lat' dir='ltr'><strong>atque</strong></span> <span class='ocrx_word' id='word_1_94' title='bbox 310 1184 428 1210; x_wconf 85' lang='lat' dir='ltr'><strong>versa</strong></span> <span class='ocrx_word' id='word_1_95' title='bbox 466 1172 556 1211; x_wconf 86' lang='lat' dir='ltr'><strong>vice</strong></span> <span class='ocrx_word' id='word_1_96' title='bbox 591 1186 668 1225; x_wconf 90' lang='lat' dir='ltr'><strong>pro</strong></span> <span class='ocrx_word' id='word_1_97' title='bbox 694 1174 954 1213; x_wconf 79' lang='lat' dir='ltr'><strong>nominativo</strong></span> <span class='ocrx_word' id='word_1_98' title='bbox 993 1158 1263 1223; x_wconf 84' lang='lat' dir='ltr'><strong>accusativus,</strong></span> <span class='ocrx_word' id='word_1_99' title='bbox 1306 1174 1460 1226; x_wconf 85' lang='lat' dir='ltr'><strong>aliaque</strong></span> <span class='ocrx_word' id='word_1_100' title='bbox 1487 1172 1609 1226; x_wconf 85' lang='lat' dir='ltr'><strong>hujus</strong></span> 
     </span>
     <span class='ocr_line' id='line_1_15' title="bbox 154 1243 1608 1305; baseline 0.002 -19"><span class='ocrx_word' id='word_1_101' title='bbox 154 1248 312 1299; x_wconf 87' lang='lat' dir='ltr'><strong>generis</strong></span> <span class='ocrx_word' id='word_1_102' title='bbox 359 1263 556 1302; x_wconf 86' lang='lat' dir='ltr'><strong>perversa</strong></span> <span class='ocrx_word' id='word_1_103' title='bbox 604 1251 649 1291; x_wconf 90' lang='lat' dir='ltr'><strong>in</strong></span> <span class='ocrx_word' id='word_1_104' title='bbox 691 1253 741 1291; x_wconf 85' lang='lat' dir='ltr'><strong>iis</strong></span> <span class='ocrx_word' id='word_1_105' title='bbox 781 1253 929 1305; x_wconf 90' lang='lat' dir='ltr'><strong>scripta</strong></span> <span class='ocrx_word' id='word_1_106' title='bbox 969 1243 1348 1305; x_wconf 83' lang='lat' dir='ltr'><strong>deprehenduntur,</strong></span> <span class='ocrx_word' id='word_1_107' title='bbox 1397 1252 1527 1303; x_wconf 87' lang='lat' dir='ltr'><strong>qualia</strong></span> <span class='ocrx_word' id='word_1_108' title='bbox 1563 1251 1608 1289; x_wconf 91' lang='lat' dir='ltr'><strong>in</strong></span> 
     </span>
     <span class='ocr_line' id='line_1_16' title="bbox 156 1327 1608 1383; baseline 0.001 -18"><span class='ocrx_word' id='word_1_109' title='bbox 156 1327 365 1367; x_wconf 79' lang='lat' dir='ltr'><strong>exarandis</strong></span> <span class='ocrx_word' id='word_1_110' title='bbox 403 1330 517 1369; x_wconf 89' lang='lat' dir='ltr'><strong>libris</strong></span> <span class='ocrx_word' id='word_1_111' title='bbox 553 1330 602 1369; x_wconf 91' lang='lat' dir='ltr'><strong>ab</strong></span> <span class='ocrx_word' id='word_1_112' title='bbox 642 1331 813 1371; x_wconf 86' lang='lat' dir='ltr'><strong>indoctis</strong></span> <span class='ocrx_word' id='word_1_113' title='bbox 841 1332 1015 1370; x_wconf 86' lang='lat' dir='ltr'><strong>librariis</strong></span> <span class='ocrx_word' id='word_1_114' title='bbox 1045 1331 1204 1383; x_wconf 86' lang='lat' dir='ltr'><strong>peccari</strong></span> <span class='ocrx_word' id='word_1_115' title='bbox 1229 1330 1312 1383; x_wconf 84' lang='lat' dir='ltr'><strong>jam</strong></span> <span class='ocrx_word' id='word_1_116' title='bbox 1341 1331 1492 1382; x_wconf 84' lang='lat' dir='ltr'><strong>Sacyus</strong></span> <span class='ocrx_word' id='word_1_117' title='bbox 1516 1330 1608 1382; x_wconf 89' lang='lat' dir='ltr'><strong>plus</strong></span> 
     </span>
     <span class='ocr_line' id='line_1_17' title="bbox 157 1407 1608 1463; baseline 0.001 -19"><span class='ocrx_word' id='word_1_118' title='bbox 157 1407 280 1445; x_wconf 87' lang='lat' dir='ltr'><strong>semel</strong></span> <span class='ocrx_word' id='word_1_119' title='bbox 306 1409 482 1459; x_wconf 81' lang='lat' dir='ltr'><strong>notavit,</strong></span> <span class='ocrx_word' id='word_1_120' title='bbox 530 1409 669 1450; x_wconf 83' lang='lat' dir='ltr'><strong>Gram.</strong></span> <span class='ocrx_word' id='word_1_121' title='bbox 695 1411 803 1450; x_wconf 86' lang='lat' dir='ltr'><strong>arab.</strong></span> <span class='ocrx_word' id='word_1_122' title='bbox 831 1417 935 1463; x_wconf 87' lang='lat' dir='ltr'><strong>part.</strong></span> <span class='ocrx_word' id='word_1_123' title='bbox 966 1423 1002 1450; x_wconf 85' lang='lat'><strong>2.</strong></span> <span class='ocrx_word' id='word_1_124' title='bbox 1032 1409 1066 1461; x_wconf 86' lang='lat'><strong>§.</strong></span> <span class='ocrx_word' id='word_1_125' title='bbox 1097 1413 1170 1462; x_wconf 84' lang='lat'><strong>873</strong></span> <span class='ocrx_word' id='word_1_126' title='bbox 1223 1409 1348 1449; x_wconf 88' lang='lat' dir='ltr'><strong>Calila</strong></span> <span class='ocrx_word' id='word_1_127' title='bbox 1377 1414 1418 1447; x_wconf 88' lang='lat' dir='ltr'><strong>et</strong></span> <span class='ocrx_word' id='word_1_128' title='bbox 1445 1409 1608 1457; x_wconf 87' lang='lat' dir='ltr'><strong>Dimna,</strong></span> 
     </span>
     <span class='ocr_line' id='line_1_18' title="bbox 155 1485 1611 1542; baseline 0.002 -19"><span class='ocrx_word' id='word_1_129' title='bbox 155 1485 280 1524; x_wconf 85' lang='lat' dir='ltr'><strong>Paris.</strong></span> <span class='ocrx_word' id='word_1_130' title='bbox 314 1487 431 1527; x_wconf 87' lang='lat'>1816.</span> <span class='ocrx_word' id='word_1_131' title='bbox 460 1501 546 1540; x_wconf 81' lang='lat' dir='ltr'><strong>pag·</strong></span> <span class='ocrx_word' id='word_1_132' title='bbox 575 1490 774 1530; x_wconf 79' lang='lat'><strong>58-60,</strong></span> <span class='ocrx_word' id='word_1_133' title='bbox 833 1491 947 1540; x_wconf 86' lang='lat' dir='ltr'><strong>Quae</strong></span> <span class='ocrx_word' id='word_1_134' title='bbox 978 1489 1199 1542; x_wconf 84' lang='lat' dir='ltr'><strong>scripturae</strong></span> <span class='ocrx_word' id='word_1_135' title='bbox 1230 1501 1449 1540; x_wconf 83' lang='lat' dir='ltr'><strong>perversae</strong></span> <span class='ocrx_word' id='word_1_136' title='bbox 1478 1487 1611 1539; x_wconf 89' lang='lat' dir='ltr'><strong>inpri-</strong></span> 
     </span>
     <span class='ocr_line' id='line_1_19' title="bbox 158 1550 1610 1620; baseline 0.003 -19"><span class='ocrx_word' id='word_1_137' title='bbox 158 1563 233 1602; x_wconf 81' lang='lat' dir='ltr'><strong>mis</strong></span> <span class='ocrx_word' id='word_1_138' title='bbox 262 1577 403 1604; x_wconf 89' lang='lat' dir='ltr'><strong>eorum</strong></span> <span class='ocrx_word' id='word_1_139' title='bbox 431 1567 631 1607; x_wconf 83' lang='lat' dir='ltr'><strong>librorum</strong></span> <span class='ocrx_word' id='word_1_140' title='bbox 658 1568 703 1607; x_wconf 92' lang='lat' dir='ltr'><strong>in</strong></span> <span class='ocrx_word' id='word_1_141' title='bbox 732 1550 1028 1620; x_wconf 80' lang='lat' dir='ltr'><strong>exemplaribus</strong></span> <span class='ocrx_word' id='word_1_142' title='bbox 1063 1567 1314 1620; x_wconf 84' lang='lat' dir='ltr'><strong>deprehendi</strong></span> <span class='ocrx_word' id='word_1_143' title='bbox 1341 1567 1492 1616; x_wconf 79' lang='lat' dir='ltr'><strong>solent,</strong></span> <span class='ocrx_word' id='word_1_144' title='bbox 1539 1565 1610 1618; x_wconf 85' lang='lat' dir='ltr'><strong>qui</strong></span> 
     </span>
     <span class='ocr_line' id='line_1_20' title="bbox 157 1642 1609 1698; baseline 0.003 -17"><span class='ocrx_word' id='word_1_145' title='bbox 157 1642 316 1682; x_wconf 82' lang='lat' dir='ltr'><strong>leviora</strong></span> <span class='ocrx_word' id='word_1_146' title='bbox 363 1653 596 1697; x_wconf 84' lang='lat' dir='ltr'><strong>argumenta</strong></span> <span class='ocrx_word' id='word_1_147' title='bbox 644 1653 836 1698; x_wconf 78' lang='lat' dir='ltr'><strong>tractant5</strong></span> <span class='ocrx_word' id='word_1_148' title='bbox 891 1647 936 1686; x_wconf 87' lang='lat' dir='ltr'><strong>hi</strong></span> <span class='ocrx_word' id='word_1_149' title='bbox 988 1647 1096 1686; x_wconf 88' lang='lat' dir='ltr'><strong>enim</strong></span> <span class='ocrx_word' id='word_1_150' title='bbox 1135 1647 1231 1686; x_wconf 88' lang='lat' dir='ltr'><strong>libri</strong></span> <span class='ocrx_word' id='word_1_151' title='bbox 1266 1646 1519 1698; x_wconf 87' lang='lat' dir='ltr'><strong>potissimum</strong></span> <span class='ocrx_word' id='word_1_152' title='bbox 1558 1644 1609 1685; x_wconf 85' lang='lat' dir='ltr'><strong>ab</strong></span> 
     </span>
     <span class='ocr_line' id='line_1_21' title="bbox 157 1720 1611 1779; baseline 0.003 -20"><span class='ocrx_word' id='word_1_153' title='bbox 157 1720 387 1762; x_wconf 84' lang='lat' dir='ltr'><strong>hominibus</strong></span> <span class='ocrx_word' id='word_1_154' title='bbox 415 1725 608 1776; x_wconf 86' lang='lat' dir='ltr'><strong>indoctis,</strong></span> <span class='ocrx_word' id='word_1_155' title='bbox 645 1739 774 1778; x_wconf 85' lang='lat' dir='ltr'><strong>neque</strong></span> <span class='ocrx_word' id='word_1_156' title='bbox 802 1733 888 1765; x_wconf 88' lang='lat' dir='ltr'><strong>arte</strong></span> <span class='ocrx_word' id='word_1_157' title='bbox 917 1726 1173 1779; x_wconf 86' lang='lat' dir='ltr'><strong>grammatica</strong></span> <span class='ocrx_word' id='word_1_158' title='bbox 1200 1725 1293 1770; x_wconf 79' lang='lat' dir='ltr'><strong>satis</strong></span> <span class='ocrx_word' id='word_1_159' title='bbox 1319 1724 1483 1763; x_wconf 85' lang='lat' dir='ltr'><strong>imbutis</strong></span> <span class='ocrx_word' id='word_1_160' title='bbox 1512 1737 1611 1763; x_wconf 83' lang='lat' dir='ltr'><strong>exa-</strong></span> 
     </span>
     <span class='ocr_line' id='line_1_22' title="bbox 158 1800 1610 1857; baseline 0.002 -18"><span class='ocrx_word' id='word_1_161' title='bbox 158 1800 349 1841; x_wconf 86' lang='lat' dir='ltr'><strong>rabantur</strong></span> <span class='ocrx_word' id='word_1_162' title='bbox 388 1809 428 1842; x_wconf 89' lang='lat' dir='ltr'><strong>et</strong></span> <span class='ocrx_word' id='word_1_163' title='bbox 452 1805 849 1845; x_wconf 83' lang='lat' dir='ltr'><strong>transscribebantur.</strong></span> <span class='ocrx_word' id='word_1_164' title='bbox 907 1807 992 1857; x_wconf 88' lang='lat' dir='ltr'><strong>Ego</strong></span> <span class='ocrx_word' id='word_1_165' title='bbox 1022 1819 1123 1844; x_wconf 88' lang='lat' dir='ltr'><strong>vero</strong></span> <span class='ocrx_word' id='word_1_166' title='bbox 1155 1805 1212 1843; x_wconf 90' lang='lat' dir='ltr'><strong>sic</strong></span> <span class='ocrx_word' id='word_1_167' title='bbox 1241 1803 1490 1854; x_wconf 82' lang='lat' dir='ltr'><strong>existimavi,</strong></span> <span class='ocrx_word' id='word_1_168' title='bbox 1530 1803 1610 1843; x_wconf 85' lang='lat' dir='ltr'><strong>mei</strong></span> 
     </span>
     <span class='ocr_line' id='line_1_23' title="bbox 159 1880 1612 1937; baseline 0.001 -18"><span class='ocrx_word' id='word_1_169' title='bbox 159 1880 284 1920; x_wconf 75' lang='lat' dir='ltr'><strong>officii.</strong></span> <span class='ocrx_word' id='word_1_170' title='bbox 321 1895 426 1932; x_wconf 91' lang='lat' dir='ltr'><strong>esse,</strong></span> <span class='ocrx_word' id='word_1_171' title='bbox 471 1889 518 1921; x_wconf 91' lang='lat' dir='ltr'><strong>ut</strong></span> <span class='ocrx_word' id='word_1_172' title='bbox 556 1897 608 1922; x_wconf 83' lang='lat' dir='ltr'><strong>ex</strong></span> <span class='ocrx_word' id='word_1_173' title='bbox 647 1883 802 1923; x_wconf 85' lang='lat' dir='ltr'><strong>edenda</strong></span> <span class='ocrx_word' id='word_1_174' title='bbox 835 1885 1032 1937; x_wconf 87' lang='lat' dir='ltr'><strong>scriptura</strong></span> <span class='ocrx_word' id='word_1_175' title='bbox 1069 1883 1224 1922; x_wconf 88' lang='lat' dir='ltr'><strong>arabica</strong></span> <span class='ocrx_word' id='word_1_176' title='bbox 1258 1883 1352 1921; x_wconf 88' lang='lat' dir='ltr'><strong>istas</strong></span> <span class='ocrx_word' id='word_1_177' title='bbox 1387 1883 1559 1921; x_wconf 82' lang='lat' dir='ltr'><strong>maculas</strong></span> <span class='ocrx_word' id='word_1_178' title='bbox 1587 1895 1612 1921; x_wconf 83' lang='lat' dir='ltr'><strong>a</strong></span> 
     </span>
     <span class='ocr_line' id='line_1_24' title="bbox 158 1953 1611 2013; baseline 0.001 -15"><span class='ocrx_word' id='word_1_179' title='bbox 158 1959 332 1999; x_wconf 82' lang='lat' dir='ltr'><strong>librariis</strong></span> <span class='ocrx_word' id='word_1_180' title='bbox 361 1961 429 1999; x_wconf 87' lang='lat' dir='ltr'><strong>vel</strong></span> <span class='ocrx_word' id='word_1_181' title='bbox 454 1961 623 2001; x_wconf 91' lang='lat' dir='ltr'><strong>rudibus</strong></span> <span class='ocrx_word' id='word_1_182' title='bbox 647 1963 716 2002; x_wconf 82' lang='lat' dir='ltr'><strong>vel</strong></span> <span class='ocrx_word' id='word_1_183' title='bbox 737 1953 972 2003; x_wconf 80' lang='lat' dir='ltr'><strong>socordibus</strong></span> <span class='ocrx_word' id='word_1_184' title='bbox 990 1962 1191 2012; x_wconf 88' lang='lat' dir='ltr'><strong>inductas,</strong></span> <span class='ocrx_word' id='word_1_185' title='bbox 1231 1957 1421 2013; x_wconf 88' lang='lat' dir='ltr'><strong>quantum</strong></span> <span class='ocrx_word' id='word_1_186' title='bbox 1439 1973 1611 2012; x_wconf 85' lang='lat' dir='ltr'><strong>possem,</strong></span> 
     </span>
     <span class='ocr_line' id='line_1_25' title="bbox 159 2039 1612 2094; baseline 0 -17"><span class='ocrx_word' id='word_1_187' title='bbox 159 2039 366 2088; x_wconf 88' lang='lat' dir='ltr'><strong>tollerem,</strong></span> <span class='ocrx_word' id='word_1_188' title='bbox 409 2041 621 2093; x_wconf 83' lang='lat' dir='ltr'><strong>omniaque</strong></span> <span class='ocrx_word' id='word_1_189' title='bbox 650 2055 750 2094; x_wconf 88' lang='lat' dir='ltr'><strong>quac</strong></span> <span class='ocrx_word' id='word_1_190' title='bbox 779 2055 975 2094; x_wconf 86' lang='lat' dir='ltr'><strong>ponerem</strong></span> <span class='ocrx_word' id='word_1_191' title='bbox 992 2041 1044 2080; x_wconf 85' lang='lat' dir='ltr'><strong>ad</strong></span> <span class='ocrx_word' id='word_1_192' title='bbox 1064 2055 1157 2080; x_wconf 89' lang='lat' dir='ltr'><strong>sana</strong></span> <span class='ocrx_word' id='word_1_193' title='bbox 1185 2039 1463 2093; x_wconf 85' lang='lat' dir='ltr'><strong>grammaticae</strong></span> <span class='ocrx_word' id='word_1_194' title='bbox 1489 2052 1612 2091; x_wconf 85' lang='lat' dir='ltr'><strong>prae-</strong></span> 
     </span>
     <span class='ocr_line' id='line_1_26' title="bbox 161 2110 1612 2171; baseline 0 -15"><span class='ocrx_word' id='word_1_195' title='bbox 161 2125 275 2170; x_wconf 79' lang='lat' dir='ltr'><strong>cepta</strong></span> <span class='ocrx_word' id='word_1_196' title='bbox 301 2110 524 2158; x_wconf 81' lang='lat' dir='ltr'><strong>reficerem.</strong></span> <span class='ocrx_word' id='word_1_197' title='bbox 581 2121 707 2171; x_wconf 87' lang='lat' dir='ltr'><strong>Nam&#39;,</strong></span> <span class='ocrx_word' id='word_1_198' title='bbox 748 2128 794 2160; x_wconf 91' lang='lat' dir='ltr'><strong>ut</strong></span> <span class='ocrx_word' id='word_1_199' title='bbox 821 2135 919 2161; x_wconf 86' lang='lat' dir='ltr'><strong>vere</strong></span> <span class='ocrx_word' id='word_1_200' title='bbox 948 2119 1103 2159; x_wconf 86' lang='lat' dir='ltr'><strong>arabice</strong></span> <span class='ocrx_word' id='word_1_201' title='bbox 1132 2119 1350 2169; x_wconf 85' lang='lat' dir='ltr'><strong>scribatur,</strong></span> <span class='ocrx_word' id='word_1_202' title='bbox 1377 2131 1462 2157; x_wconf 90' lang='lat' dir='ltr'><strong>non</strong></span> <span class='ocrx_word' id='word_1_203' title='bbox 1480 2117 1612 2157; x_wconf 88' lang='lat' dir='ltr'><strong>solum</strong></span> 
     </span>
     <span class='ocr_line' id='line_1_27' title="bbox 160 2196 1613 2252; baseline 0 -17"><span class='ocrx_word' id='word_1_204' title='bbox 160 2196 382 2236; x_wconf 86' lang='lat' dir='ltr'><strong>videndum</strong></span> <span class='ocrx_word' id='word_1_205' title='bbox 421 2204 500 2247; x_wconf 88' lang='lat' dir='ltr'><strong>est,</strong></span> <span class='ocrx_word' id='word_1_206' title='bbox 557 2205 602 2238; x_wconf 86' lang='lat' dir='ltr'><strong>ut</strong></span> <span class='ocrx_word' id='word_1_207' title='bbox 650 2201 775 2239; x_wconf 84' lang='lat' dir='ltr'><strong>verba</strong></span> <span class='ocrx_word' id='word_1_208' title='bbox 814 2205 1060 2252; x_wconf 87' lang='lat' dir='ltr'><strong>usurpentur</strong></span> <span class='ocrx_word' id='word_1_209' title='bbox 1100 2212 1167 2248; x_wconf 88' lang='lat' dir='ltr'><strong>ea,</strong></span> <span class='ocrx_word' id='word_1_210' title='bbox 1213 2211 1314 2251; x_wconf 86' lang='lat' dir='ltr'><strong>quae</strong></span> <span class='ocrx_word' id='word_1_211' title='bbox 1355 2209 1477 2236; x_wconf 89' lang='lat' dir='ltr'><strong>nemo</strong></span> <span class='ocrx_word' id='word_1_212' title='bbox 1520 2196 1613 2249; x_wconf 82' lang='lat' dir='ltr'><strong>jure</strong></span> 
     </span>
     <span class='ocr_line' id='line_1_28' title="bbox 160 2275 1614 2329; baseline 0 -15"><span class='ocrx_word' id='word_1_213' title='bbox 160 2275 453 2328; x_wconf 87' lang='lat' dir='ltr'><strong>reprehendat,</strong></span> <span class='ocrx_word' id='word_1_214' title='bbox 501 2277 574 2316; x_wconf 86' lang='lat' dir='ltr'><strong>sed</strong></span> <span class='ocrx_word' id='word_1_215' title='bbox 602 2279 721 2318; x_wconf 89' lang='lat' dir='ltr'><strong>etiam</strong></span> <span class='ocrx_word' id='word_1_216' title='bbox 751 2293 796 2319; x_wconf 88' lang='lat' dir='ltr'><strong>ea</strong></span> <span class='ocrx_word' id='word_1_217' title='bbox 824 2280 879 2319; x_wconf 92' lang='lat' dir='ltr'><strong>sic</strong></span> <span class='ocrx_word' id='word_1_218' title='bbox 913 2286 954 2318; x_wconf 91' lang='lat' dir='ltr'><strong>et</strong></span> <span class='ocrx_word' id='word_1_219' title='bbox 978 2278 1152 2328; x_wconf 86' lang='lat' dir='ltr'><strong>casibus,</strong></span> <span class='ocrx_word' id='word_1_220' title='bbox 1192 2284 1232 2317; x_wconf 83' lang='lat' dir='ltr'><strong>et</strong></span> <span class='ocrx_word' id='word_1_221' title='bbox 1260 2275 1532 2329; x_wconf 71' lang='lat' dir='ltr'><strong>temporibus,</strong></span> <span class='ocrx_word' id='word_1_222' title='bbox 1571 2280 1614 2315; x_wconf 87' lang='lat' dir='ltr'><strong>et</strong></span> 
     </span>
     <span class='ocr_line' id='line_1_29' title="bbox 161 2354 1613 2410; baseline 0 -17"><span class='ocrx_word' id='word_1_223' title='bbox 161 2367 328 2407; x_wconf 87' lang='lat' dir='ltr'><strong>genere,</strong></span> <span class='ocrx_word' id='word_1_224' title='bbox 373 2362 415 2395; x_wconf 90' lang='lat' dir='ltr'><strong>et</strong></span> <span class='ocrx_word' id='word_1_225' title='bbox 451 2369 623 2396; x_wconf 90' lang='lat' dir='ltr'><strong>numero</strong></span> <span class='ocrx_word' id='word_1_226' title='bbox 663 2364 975 2406; x_wconf 80' lang='lat' dir='ltr'><strong>conserventur,</strong></span> <span class='ocrx_word' id='word_1_227' title='bbox 1024 2363 1073 2397; x_wconf 91' lang='lat' dir='ltr'><strong>ut</strong></span> <span class='ocrx_word' id='word_1_228' title='bbox 1109 2371 1162 2397; x_wconf 89' lang='lat' dir='ltr'><strong>ne</strong></span> <span class='ocrx_word' id='word_1_229' title='bbox 1178 2356 1289 2410; x_wconf 76' lang='lat' dir='ltr'><strong>quid</strong></span> <span class='ocrx_word' id='word_1_230' title='bbox 1317 2354 1613 2409; x_wconf 82' lang='lat' dir='ltr'><strong>perturbatum,</strong></span> 
     </span>
     <span class='ocr_line' id='line_1_30' title="bbox 161 2433 1614 2489; baseline -0.001 -16"><span class='ocrx_word' id='word_1_231' title='bbox 161 2447 209 2473; x_wconf 84' lang='lat' dir='ltr'><strong>ac</strong></span> <span class='ocrx_word' id='word_1_232' title='bbox 240 2434 493 2488; x_wconf 85' lang='lat' dir='ltr'><strong>discrepans,</strong></span> <span class='ocrx_word' id='word_1_233' title='bbox 539 2442 608 2478; x_wconf 82' lang='lat' dir='ltr'><strong>aut</strong></span> <span class='ocrx_word' id='word_1_234' title='bbox 641 2444 948 2489; x_wconf 88' lang='lat' dir='ltr'><strong>praeposterum</strong></span> <span class='ocrx_word' id='word_1_235' title='bbox 985 2437 1050 2477; x_wconf 85' lang='lat' dir='ltr'><strong>sit.</strong></span> <span class='ocrx_word' id='word_1_236' title='bbox 1111 2436 1257 2488; x_wconf 87' lang='lat' dir='ltr'><strong>Neque</strong></span> <span class='ocrx_word' id='word_1_237' title='bbox 1293 2434 1362 2487; x_wconf 91' lang='lat' dir='ltr'><strong>qui</strong></span> <span class='ocrx_word' id='word_1_238' title='bbox 1393 2433 1502 2486; x_wconf 85' lang='lat' dir='ltr'><strong>apud</strong></span> <span class='ocrx_word' id='word_1_239' title='bbox 1539 2446 1614 2473; x_wconf 88' lang='lat' dir='ltr'><strong>nos</strong></span> 
     </span>
     <span class='ocr_line' id='line_1_31' title="bbox 161 2512 1614 2569; baseline 0 -17"><span class='ocrx_word' id='word_1_240' title='bbox 161 2512 244 2553; x_wconf 80' lang='lat' dir='ltr'><strong>viri</strong></span> <span class='ocrx_word' id='word_1_241' title='bbox 273 2514 371 2553; x_wconf 88' lang='lat' dir='ltr'><strong>clari</strong></span> <span class='ocrx_word' id='word_1_242' title='bbox 397 2514 521 2554; x_wconf 89' lang='lat' dir='ltr'><strong>libros</strong></span> <span class='ocrx_word' id='word_1_243' title='bbox 549 2528 712 2568; x_wconf 82' lang='lat' dir='ltr'><strong>graecos</strong></span> <span class='ocrx_word' id='word_1_244' title='bbox 740 2516 964 2569; x_wconf 88' lang='lat' dir='ltr'><strong>latinosque</strong></span> <span class='ocrx_word' id='word_1_245' title='bbox 991 2529 1044 2555; x_wconf 87' lang='lat' dir='ltr'><strong>ex</strong></span> <span class='ocrx_word' id='word_1_246' title='bbox 1069 2514 1271 2554; x_wconf 81' lang='lat' dir='ltr'><strong>codicibus</strong></span> <span class='ocrx_word' id='word_1_247' title='bbox 1302 2527 1425 2553; x_wconf 84' lang='lat' dir='ltr'><strong>manu</strong></span> <span class='ocrx_word' id='word_1_248' title='bbox 1453 2512 1614 2566; x_wconf 80' lang='lat' dir='ltr'><strong>scriptis</strong></span> 
     </span>
     <span class='ocr_line' id='line_1_32' title="bbox 162 2575 1615 2645; baseline -0.001 -14"><span class='ocrx_word' id='word_1_249' title='bbox 162 2591 310 2644; x_wconf 88' lang='lat' dir='ltr'><strong>edunt,</strong></span> <span class='ocrx_word' id='word_1_250' title='bbox 363 2593 603 2645; x_wconf 89' lang='lat' dir='ltr'><strong>scripturam</strong></span> <span class='ocrx_word' id='word_1_251' title='bbox 649 2595 867 2635; x_wconf 83' lang='lat' dir='ltr'><strong>multifaria</strong></span> <span class='ocrx_word' id='word_1_252' title='bbox 915 2595 1174 2636; x_wconf 88' lang='lat' dir='ltr'><strong>librariorum</strong></span> <span class='ocrx_word' id='word_1_253' title='bbox 1211 2575 1333 2632; x_wconf 85' lang='lat' dir='ltr'><strong>sorde</strong></span> <span class='ocrx_word' id='word_1_254' title='bbox 1369 2591 1615 2645; x_wconf 80' lang='lat' dir='ltr'><strong>inquinatam</strong></span> 
     </span>
    </p>
   </div>
   <div class='ocr_carea' id='block_1_4' title="bbox 161 2670 1614 2736">
    <p class='ocr_par' dir='ltr' id='par_1_5' title="bbox 161 2670 1614 2736">
     <span class='ocr_line' id='line_1_33' title="bbox 161 2670 1614 2736; baseline -0.003 -22"><span class='ocrx_word' id='word_1_255' title='bbox 161 2671 271 2724; x_wconf 81' lang='lat' dir='ltr'><strong>typis</strong></span> <span class='ocrx_word' id='word_1_256' title='bbox 323 2685 483 2725; x_wconf 85' lang='lat' dir='ltr'><strong>quoque</strong></span> <span class='ocrx_word' id='word_1_257' title='bbox 531 2672 834 2715; x_wconf 85' lang='lat' dir='ltr'><strong>exscribendam</strong></span> <span class='ocrx_word' id='word_1_258' title='bbox 884 2675 960 2715; x_wconf 86' lang='lat' dir='ltr'><strong>sibi</strong></span> <span class='ocrx_word' id='word_1_259' title='bbox 1007 2687 1091 2714; x_wconf 86' lang='lat' dir='ltr'><strong>esse</strong></span> <span class='ocrx_word' id='word_1_260' title='bbox 1134 2673 1308 2736; x_wconf 66' lang='lat' dir='ltr'><strong>ducunt,</strong></span> <span class='ocrx_word' id='word_1_261' title='bbox 1362 2670 1434 2711; x_wconf 82' lang='lat' dir='ltr'><strong>sed</strong></span> <span class='ocrx_word' id='word_1_262' title='bbox 1479 2671 1614 2724; x_wconf 88' lang='lat' dir='ltr'><strong>potius</strong></span> 
     </span>
    </p>
   </div>
  </div>
 </body>
</html>
