1780 3008
171 252 231 288 IV

171 371 390 420 propterea
422 362 690 403 necessarium
721 363 971 414 existimavi,
1013 365 1202 424 quoniam
1230 365 1382 406 tirones
1407 379 1490 406 non
1510 352 1632 406 modo

171 444 394 499 praeceptis
420 442 687 495 grammaticis
715 441 894 491 traditis,
913 456 1079 482 ·verum
1108 444 1228 485 etiam
1257 445 1429 498 repetita
1459 447 1633 486 lectione

174 532 214 565 et
249 522 577 577 pronuntiatione
616 523 841 575 scripturae
879 521 1091 561 emendate
1129 520 1260 561 editae
1295 523 1491 564 edocendi
1530 531 1636 576 sunt,

1000 603 1134 682 Q,
1172 636 1304 676 neque
1330 615 1522 678 gaudium
1549 638 1635 664 esse

176 623 523 680 pronuntiandum
544 636 628 662 non
646 636 731 662 esse
757 603 869 690 'tx-J:
897 622 969 661 sed
997 660 1037 690 ι

179 710 201 728 P
430 722 467 732 ,ρ
819 727 822 730 ,

178 720 249 810 ΞΣ
285 736 357 777 sed
389 708 495 809 {533
546 749 642 774 usus
680 733 867 773 adsiduus
906 734 1014 773 enim
1045 734 1089 774 in
1118 748 1354 789 quacunque
1383 751 1432 777 re
1461 738 1635 777 multum

178 827 315 877 docet,
359 826 693 878 ingeniorumque
723 824 901 863 tarditati
939 825 1150 864 succurrit.
1211 826 1294 878 Qui
1320 822 1473 876 tirones
1500 827 1635 867 statim

176 907 229 947 ad
247 920 293 946 ea
309 905 479 958 legenda
500 904 717 953 accedunt,
762 917 863 955 quac
880 905 949 943 vel
971 903 1178 943 vocalibus
1203 918 1399 956 perverse
1425 906 1636 959 adscriptis

103 1009 105 1011 ·
177 985 338 1027 foedata
356 991 468 1034 sunt,
507 984 577 1022 vel
598 982 800 1022 vocalium
825 982 944 1034 signis
963 995 1130 1034 prorsus
1159 990 1312 1034 carent,
1341 985 1412 1034 iis,
1441 991 1489 1024 ut
1507 998 1635 1038 expe-

176 1066 322 1106 rientia
352 1078 418 1103 me
444 1061 604 1111 docuit,
648 1072 937 1113 saepenumero
967 1061 1132 1121 accidit,
1172 1069 1219 1101 ut
1247 1076 1483 1115 perversam
1510 1077 1635 1103 voca-

177 1145 367 1184 bulorum
403 1140 774 1195 pronuntiationem
813 1141 1129 1195 amplectantur,
1183 1154 1206 1179 a
1252 1155 1330 1193 qua
1366 1143 1444 1195 ipsi
1487 1142 1634 1182 deinde

177 1236 373 1277 perquam
402 1234 520 1274 aegre
552 1219 816 1272 depellantur.
873 1219 999 1258 Recta
1017 1226 1432 1273 autem-accurateque
1453 1220 1633 1260 vocabu—

176 1303 310 1342 lorum
357 1299 686 1354 pronuntiatione
733 1298 853 1337 etiam
890 1295 999 1350 apud
1037 1298 1194 1338 Arabes
1231 1299 1359 1339 solida
1397 1299 1633 1353 subtilisque
1675 1289 1678 1292 ’

177 1381 458 1435 grammaticae
486 1378 660 1430 cognitio
688 1376 747 1415 ita
773 1377 938 1427 nititur,
974 1383 1023 1417 ut
1050 1378 1119 1430 qui
1147 1379 1305 1417 vocales
1333 1391 1416 1418 non
1441 1379 1498 1417 ita
1523 1379 1634 1418 mul-

176 1467 265 1509 tum
302 1457 499 1499 curandas
536 1471 622 1496 esse
656 1461 792 1508 putet,
842 1456 881 1494 ei
921 1455 1144 1496 videndum
1173 1457 1244 1506 sit,
1292 1471 1345 1496 ne
1373 1470 1472 1496 mox
1498 1463 1632 1498 totum

175 1539 298 1592 hujus
324 1539 484 1590 linguae
510 1534 690 1576 studium
718 1534 892 1588 abjiciat.
950 1535 1034 1587 Qui
1061 1549 1162 1576 vero
1180 1536 1223 1574 in
1243 1535 1480 1575 addiscenda
1498 1537 1631 1589 lingua

177 1617 362 1658 nonnihil
406 1617 490 1670 jam
537 1615 820 1668 profecerunt,
874 1614 923 1652 iis
969 1621 1079 1654 certe
1125 1615 1428 1667 procedendum
1475 1621 1535 1654 est
1578 1615 1632 1654 ad

175 1696 383 1750 legendam
426 1695 666 1748 scripturam
705 1693 907 1733 vocalium
945 1692 1065 1745 signis
1091 1706 1174 1731 non
1202 1694 1453 1745 explanatam
1460 1707 1477 1745 3
1521 1695 1632 1747 quod

174 1782 222 1815 ut
249 1775 327 1815 hoc
357 1788 516 1828 quoque
543 1773 649 1813 libro
679 1771 858 1811 adhibito
876 1771 968 1811 fieri
988 1772 1134 1825 possit,
1175 1772 1294 1811 etiam
1314 1773 1447 1823 locos,
1486 1772 1631 1825 quibus

174 1855 334 1894 vocales
372 1853 441 1893 vel
469 1865 554 1892 non
580 1852 780 1903 integrae,
821 1851 892 1891 vel
918 1864 1083 1905 prorsus
1109 1851 1243 1891 nullae
1274 1849 1497 1904 adscriptae
1524 1857 1630 1901 sunt,

173 1933 218 1972 in
246 1938 428 1972 extrema
463 1931 558 1971 libri
586 1935 702 1984 parte
727 1929 869 1984 adjeci.
1479 1932 1481 1935 ’

288 2102 451 2143 Deinde
489 2101 729 2153 allaboravi,
780 2107 827 2142 ut
863 2101 963 2142 tales
998 2102 1076 2142 hoc
1098 2101 1208 2142 libro
1238 2090 1491 2155 reponerem
1508 2101 1628 2150 locos,

176 2181 356 2233 qualibus
390 2182 606 2221 tractandis
645 2182 798 2221 tirones
835 2181 1042 2234 potissima
1070 2182 1226 2234 linguae
1253 2187 1370 2234 parte
1396 2179 1630 2219 imbueren—

176 2266 265 2310 tur,
310 2274 388 2313 qua
407 2261 593 2308 ambioa,
635 2255 760 2312 quum
795 2260 974 2300 numeris
994 2261 1150 2311 soluta,
1182 2266 1270 2299 tum
1297 2259 1474 2313 poetica,
1511 2258 1632 2309 longe

174 2339 351 2391 plurima
396 2340 620 2392 conscripta
667 2345 781 2390 sunt,
834 2346 874 2379 et
909 2340 952 2379 in
988 2353 1107 2392 quam
1151 2345 1379 2392 propterea*
1402 2337 1632 2388 ubicunque

174 2417 263 2456 fere
290 2417 434 2462 incidit
461 2418 530 2470 qui
557 2403 716 2458 arabica
741 2403 860 2470 legit;
897 2419 1013 2458 nolui
1039 2424 1180 2457 contra
1204 2418 1358 2457 tirones
1387 2415 1522 2468 primo
1548 2420 1633 2454 sta·

174 2495 249 2535 tim
275 2495 327 2536 ad
353 2495 566 2535 scrutanda
593 2496 809 2548 singularia
837 2497 1033 2550 quaedam
1062 2495 1218 2536 dicendi
1246 2507 1394 2548 genera
1415 2493 1629 2546 adpellere,

176 2586 278 2625 quae
300 2575 463 2613 nonnisi
490 2575 533 2614 in
561 2575 815 2627 paucioribus
845 2576 958 2616 libris
990 2575 1157 2616 arabicis
1184 2579 1375 2627 usurpata
1401 2571 1631 2626 deprehen·-

175 2649 350 2701 duntur5
398 2665 451 2691 ex
490 2654 634 2706 quibus
660 2659 759 2693 sunt*
782 2666 915 2693 sermo
937 2655 1009 2695 ille
1036 2668 1156 2708 saepe
1181 2654 1398 2707 abruptus,
1443 2651 1631 2692 incitatus

176 2735 219 2771 et
254 2730 543 2782 subobscurus,
595 2744 678 2785 quo
722 2745 817 2772 usus
854 2739 916 2774 est
948 2739 1088 2775 auctor
1124 2732 1299 2784 Korani,
1344 2738 1464 2786 atque
1499 2729 1630 2773 oratio
