1780 3008
164 202 266 236 VIII

163 316 198 355 si
219 314 376 370 abjecto
409 330 457 355 eo
485 329 671 356 sermone
699 317 906 369 expositae
940 307 1186 368 ederentur,
1227 332 1307 371 quo
1344 320 1611 373 proferuntur

162 402 345 436 sutorum
371 410 444 436 ore
472 397 869 449 sarcinatorumque?
899 396 1025 450 Cujus
1050 377 1234 450 loquelae
1252 400 1470 452 specimina
1486 413 1614 454 pauca

164 474 335 515 edidisse
363 476 454 515 satis
485 482 554 514 est.
628 467 631 470 Δ
1411 471 1413 473 ’

274 555 405 594 Porro
433 555 594 594 lexicon
607 554 771 608 adjeci,
811 555 945 595 omnia
974 569 1075 607 quae
1102 556 1146 596 in
1169 556 1478 598 chrestomathia
1494 573 1615 599 usur—

162 640 255 687 pata
291 634 558 674 inveniuntur
595 634 792 674 vocabula
830 635 1068 687 explanans,
1116 635 1239 688 idque
1279 650 1364 676 non
1403 650 1455 676 ex
1491 637 1613 678 Golio

161 712 285 753 modo
332 713 402 752 vel
451 713 622 752 castello
673 715 1001 766 transscriptum‚
1052 698 1125 751 sed
1166 727 1218 753 ex
1255 714 1434 754 Kamfiso
1479 716 1616 769 potius

162 789 352 830 haustum
379 791 609 831 Calecuttae
635 792 765 843 edito,
814 800 935 845 atque
965 806 1018 831 ex
1046 792 1212 831 Haririo
1242 793 1437 846 Sacyano.
1503 795 1618 835 Mul·-

164 875 223 909 tas
259 870 550 910 vocabulorum
590 873 740 912 formas
778 885 823 911 ac
860 871 1190 923 significationes,
1248 885 1350 932 quae
1395 873 1440 913 in
1476 874 1616 914 lexicis

165 931 339 989 Goliano
387 956 428 989 et
471 951 709 990 Castelliano
762 950 1063 1000 desiderantur,
1114 964 1241 991 novas
1283 952 1442 1003 addidi3
1490 954 1615 1011 multa

163 1042 266 1082 quae
294 1042 318 1067 a
347 1030 468 1069 Golio
498 1037 538 1069 et
568 1030 754 1070 castellio
788 1043 979 1083 perverse
1007 1029 1154 1069 tradita
1181 1036 1297 1089 sunt,
1342 1031 1616 1071 emendatiora

166 1108 281 1159 dedi;
330 1110 676 1162 praepositionum
714 1109 898 1161 inprimis
934 1111 1020 1149 vim
1061 1116 1101 1148 et
1141 1109 1447 1162 significationes
1483 1111 1614 1150 varias

164 1188 323 1240 plenius
363 1201 570 1241 exponere
615 1188 748 1228 studui
789 1187 934 1226 additis
973 1188 1196 1239 exemplis3
1249 1189 1412 1228 nomina
1447 1191 1616 1242 propria

165 1280 343 1320 quoque,
383 1268 427 1307 in
455 1268 596 1320 quibus
624 1267 933 1320 pronuntiandis
963 1267 1031 1319 qui
1058 1266 1167 1319 apud
1184 1281 1257 1306 nos
1276 1268 1431 1309 arabica
1447 1274 1618 1309 tractant

166 1347 342 1385 maxime
379 1361 544 1399 peccare
570 1349 722 1397 solent,
768 1346 813 1385 in
840 1347 999 1388 lexicon
1023 1347 1160 1399 recepi
1190 1347 1348 1395 omnia,
1397 1361 1616 1402 eorumque

167 1426 470 1478 significationes
513 1425 810 1480 quodammodo
849 1426 991 1464 saltem
1031 1425 1191 1477 aperire
1237 1426 1361 1466 volui.
1438 1428 1646 1478 Tametsi,
1704 1436 1706 1438 '

170 1506 277 1544 enim
322 1507 403 1545 mei
452 1506 615 1559 quidem
662 1505 814 1545 consilii
860 1505 1163 1557 haudquaquam
1209 1497 1294 1544 esse
1337 1511 1515 1559 poterat,
1570 1513 1617 1547 ut

171 1583 306 1624 dedita
344 1599 466 1639 opera
501 1587 546 1625 in
574 1585 652 1625 hoc
679 1585 783 1625 libro
813 1584 1049 1646 arctioribus
1076 1583 1222 1623 finibus
1252 1584 1616 1624 circumscribendo

169 1665 378 1705 nominum
414 1666 678 1718 propriorum
714 1665 886 1715 origines
915 1670 957 1703 et
991 1662 1294 1715 significationes
1321 1664 1616 1716 investigarem,

169 1749 304 1783 tamen
340 1727 566 1798 ubicunque
602 1751 879 1797 opportunum
914 1742 1127 1783 videretur
1162 1742 1214 1781 de
1248 1741 1324 1783 hac
1349 1756 1397 1782 re
1423 1743 1619 1796 quaedam

171 1830 397 1863 memoratu
425 1824 543 1876 digna
571 1823 809 1876 adponenda
839 1837 924 1862 esse
951 1822 1191 1861 existimavi.

283 1902 573 1943 Adnotationes
604 1903 775 1956 denique
794 1902 951 1952 addidi,
979 1901 1122 1954 quibus
1150 1914 1274 1952 quum
1293 1900 1469 1951 tirones,
1495 1914 1619 1953 quum

168 1983 346 2035 primum
375 1983 427 2021 ad
453 1982 619 2035 legenda
647 1982 805 2023 arabica
819 1981 1032 2031 accedunt,
1061 1979 1277 2033 adjuvare,
1306 1963 1392 2032 tum
1411 1980 1619 2032 magistros

171 2074 330 2113 quoque
367 2062 586 2102 admonere
625 2062 759 2112 volui,
811 2075 912 2115 quae
957 2061 1134 2101 maxime
1178 2059 1286 2098 inter
1322 2057 1540 2111 legendum
1579 2065 1621 2098 et
1667 2088 1669 2091 -

172 2141 519 2193 interpretandum
556 2142 782 2191 tractanda,
831 2139 1081 2191 disserenda,
1131 2145 1172 2178 et
1205 2139 1355 2178 iterum
1391 2138 1622 2190 iterumque
1688 2133 1689 2136 ¹

172 2219 377 2272 discipulis
424 2221 660 2269 inculcanda
709 2222 810 2272 sint,
866 2235 918 2260 ne
960 2219 1005 2259 hi
1046 2219 1164 2258 etiam
1207 2223 1348 2270 postea
1389 2216 1433 2255 in
1470 2216 1621 2269 parvis,

174 2304 360 2351 tanquam
405 2301 448 2340 in
495 2301 787 2359 difficilioribus
838 2300 1048 2350 haereant,
1109 2296 1181 2337 sed
1233 2287 1416 2335 accurata
1463 2295 1622 2347 linguae

172 2378 318 2431 peritia
360 2380 613 2430 imbuantur5
663 2393 757 2419 nam
799 2379 842 2418 in
882 2378 1023 2418 studiis
1073 2374 1338 2430 grammaticis
1383 2387 1514 2426 neque
1553 2387 1621 2413 res

172 2470 324 2510 parvae
360 2461 617 2512 negligendae
656 2465 771 2509 sunt,
817 2472 870 2498 ne
908 2458 1016 2497 forte
1051 2457 1096 2496 in
1137 2455 1276 2509 parvis
1304 2452 1482 2506 graviter
1509 2452 1622 2493 laba-
1687 2491 1690 2494 Δ

174 2550 279 2577 mur.
353 2538 510 2589 Quibus
548 2540 592 2578 in
629 2535 952 2577 adnotationibus
996 2535 1113 2588 saepe
1159 2533 1278 2574 etiam
1315 2532 1531 2585 discipulos
1568 2530 1622 2570 ad

172 2616 387 2669 relegenda
433 2618 568 2657 remisi
610 2630 747 2658 earum
797 2598 1143 2668 grammaticarum
1182 2612 1331 2665 capita,
1383 2624 1485 2663 quae
1521 2610 1622 2663 prae

172 2697 338 2736 caeteris
375 2697 484 2750 apud
522 2711 595 2737 nos
641 2697 685 2735 in
722 2709 839 2736 usum
879 2695 1062 2736 adhiberi
1098 2694 1252 2743 solent,
1302 2691 1420 2743 Sacyi
1459 2687 1622 2737 scilieet,
