1780 3008
757 214 975 231 —...--
1515 189 1599 225 vu

138 316 380 371 scripturam
405 309 645 355 foedissimis
673 308 734 349 his
763 308 873 349 vitiis
905 319 1025 360 quam
1054 303 1230 346 maxime
1259 308 1482 359 purgatam.
1546 304 1600 346 Et

137 397 319 452 quisnam
344 393 506 436 tandem
535 390 750 445 probatum
774 387 852 428 sibi
879 386 1048 427 haberet
1073 385 1257 426 criticum
1277 384 1402 425 latino
1422 383 1600 435 doctum,

139 475 209 528 qui
235 488 316 515 non
343 486 474 522 aram,
514 471 586 511 sed
613 483 729 518 arum
757 468 867 522 typis
895 464 1282 520 repraesentandum
1312 470 1495 516 curaret,
1545 464 1601 505 ita

137 554 183 595 in
230 553 368 595 codice
414 551 608 605 scriptum
653 547 896 589 vocabulum
940 559 983 586 se
1020 545 1219 599 reperisse
1256 543 1495 586 affirmans?
1541 543 1601 585 At

138 633 249 674 inter
272 633 385 673 viros
414 631 577 679 doctos,
623 629 694 682 qui
722 625 833 681 apud
860 638 935 666 nos
961 624 1120 664 arabica
1147 630 1393 676 tractarunt,
1432 623 1602 663 exstite-

138 718 236 753 runt
276 717 410 751 tamen
448 709 517 764 qui
530 737 545 758 ,
595 721 699 762 quae
738 707 787 747 iis
832 706 911 747 fuit
950 703 1112 757 religio,
1164 704 1384 758 scripturas
1428 702 1604 743 arabicas

139 804 375 845 perversas,
430 789 688 830 librariorum
741 784 927 826 barbarie
974 783 1187 824 maculatas
1200 809 1213 832 ‚
1269 783 1382 823 nulla
1439 782 1602 824 sanandi

141 883 238 910 cura
273 868 473 919 adhibita,
514 867 635 908 etiam
675 865 783 919 typis
822 863 1044 917 vulgandas
1080 877 1167 903 esse
1207 852 1503 915 existimarent,
1551 877 1602 904 eo

141 963 185 990 se
220 954 491 1002 expurgantes
525 945 634 1000 quod
673 945 876 995 dicerent,
928 945 1140 996 vulgarem
1168 942 1277 983 hunc
1305 956 1391 983 esse
1417 942 1601 984 Arabum

142 1041 390 1076 sermonem,
432 1040 552 1079 quem
578 1026 794 1065 immutare
823 1025 965 1064 critico
995 1003 1080 1063 non
1106 1023 1260 1064 liceret.
1319 1022 1477 1074 Quibus
1498 1022 1601 1063 viris

142 1104 326 1148 assentiri
362 1120 446 1146 non
482 1086 625 1146 audeo·
689 1105 807 1145 Alius
844 1104 953 1143 enim
994 1108 1055 1143 est
1104 1116 1237 1142 sermo
1275 1102 1456 1143 arabicus
1499 1116 1601 1143 vere

142 1187 342 1240 vulgaris,
393 1198 488 1226 cum
516 1184 724 1226 vocabulis
752 1183 986 1234 decurtatis,
1034 1181 1266 1223 adulteratis
1293 1181 1602 1235 barbarieisque‚

143 1283 231 1318 tum
268 1275 413 1318 formis
448 1275 715 1329 grammaticis
741 1273 1033 1335 peculiaribus,
1082 1274 1213 1314 veluti
1242 1273 1450 1315 vocabulis
1477 1245 1601 1340 3339}

145 1361 286 1425 &26⁴2
311 1377 442 1430 jussus
457 1383 563 1429 tuus,
590 1349 723 1437 2533?
739 1377 795 1416 ita
822 1382 902 1428 est,
950 1355 1051 1427 3OE
1080 1376 1251 1427 etenim,
1282 1355 1461 1431 ,zm
1479 1389 1601 1430 prae-

144 1480 272 1532 cedit,
316 1458 424 1538 ati-92²0
449 1492 570 1532 aqua,
612 1457 757 1538 4930ss
793 1491 925 1532 neque
949 1492 1047 1530 nos,
1099 1477 1300 1532 hujusque
1330 1477 1488 1532 generis
1515 1478 1604 1520 aliis

145 1583 340 1630 mixtum,
387 1581 546 1633 qualem
573 1579 615 1619 in
645 1580 823 1633 epistolis
851 1579 1132 1633 grammaticae
1171 1582 1376 1634 Sacyanae
1404 1580 1602 1635 praemis-

145 1662 218 1712 sis,
265 1667 383 1713 atque
419 1659 464 1699 in
505 1659 671 1713 dialogis
708 1660 989 1713 grammaticae
1018 1660 1285 1711 Savarianae,
1328 1661 1455 1701 Paris.
1485 1664 1601 1703 1813.

144 1740 310 1794 adjectis
348 1738 550 1791 reperias3
602 1739 672 1792 qui
698 1753 833 1779 sermo
868 1744 1085 1792 corruptus
1115 1745 1156 1779 et
1182 1741 1367 1794 plebejus
1394 1741 1602 1781 emendari

143 1820 304 1872 nequit,
351 1819 429 1858 nisi
474 1803 584 1858 to'tus
628 1819 718 1859 fere
757 1819 1094 1868 transformetur,
1139 1832 1307 1873 eamque
1343 1820 1396 1859 ob
1431 1802 1602 1880 eausam,

146 1913 273 1953 quum
308 1897 418 1951 typis
454 1897 682 1951 vulgandus
716 1899 788 1949 sit,
830 1898 951 1940 etiam
994 1897 1097 1938 mihi
1133 1897 1326 1950 intactus,
1373 1899 1602 1952 quomodo*

146 1991 306 2031 cunque
342 1992 387 2017 se
423 1976 588 2029 habeat,
635 1977 815 2018 edendus
851 1977 1030 2018 videtur.
1095 1978 1213 2018 Alius
1250 1978 1369 2032 longe
1401 1993 1505 2019 vero
1543 1986 1604 2019 est

146 2071 281 2098 sermo
307 2057 487 2098 arabicus
514 2058 585 2098 ille
612 2058 788 2112 simplex
815 2057 980 2112 quidem
1003 2062 1045 2097 et
1059 2057 1217 2110 planus,
1237 2058 1464 2112 passimque
1484 2059 1603 2099 etiam

145 2138 369 2190 negligens,
406 2148 494 2190 quo
516 2137 676 2178 fabulae
702 2137 881 2177 milesiae
919 2126 1162 2191 pleraeque,
1195 2138 1526 2192 nar-rationesque
1554 2139 1605 2179 de

145 2216 267 2256 rebus
318 2215 548 2256 domesticis
592 2223 840 2270 exponentes
885 2217 1136 2270 conscriptae
1172 2223 1286 2267 sunt3
1344 2218 1434 2271 qui,
1485 2218 1605 2258 dum-

147 2295 271 2334 modo
299 2296 478 2335 maculae
504 2310 529 2335 a
551 2297 726 2336 librariis
756 2296 1066 2338 dormitantibus
1093 2297 1162 2338 vel
1186 2298 1467 2349 grammaticae
1490 2298 1606 2338 rudi-

147 2374 223 2414 bus
253 2373 292 2414 ei
318 2355 531 2428 adspersae
558 2377 778 2426 tollantur,
823 2375 878 2416 ad
906 2390 1058 2437 purum
1087 2375 1425 2429 emendatumque
1449 2389 1607 2416 sermo-

149 2467 246 2494 nem
273 2454 488 2494 arabicum
504 2468 637 2508 prope
665 2455 830 2496 accedit.
887 2456 983 2506 Quo
1010 2469 1199 2496 sermone
1238 2455 1308 2508 qui
1341 2456 1435 2495 libri
1461 2456 1609 2495 arabici

151 2532 293 2585 scripti
317 2539 433 2583 sunt,
481 2547 550 2572 eos
576 2534 735 2574 nonnisi
762 2535 990 2587 recognitos
1018 2541 1288 2588 purgatosque
1314 2533 1492 2575 edendos
1523 2549 1610 2574 esse

153 2610 278 2660 duco,
310 2625 370 2652 ⁴ne
398 2613 620 2665 legentibus
644 2627 833 2654 nauseam
851 2621 1065 2666 moveant3
1102 2593 1318 2668 quamnam
1333 2615 1440 2654 enim
1461 2615 1610 2668 volup-

154 2697 281 2731 tatem
306 2691 390 2732 viri
421 2692 576 2733 cordati
603 2707 658 2733 ex
682 2683 829 2749 fabulis
855 2693 1005 2736 nostris
1032 2695 1259 2736 vernaculis
1278 2708 1422 2748 capere
1438 2702 1613 2749 possent,
