1780 3008
58 358 81 367 a

1567 187 1603 219 V

151 298 291 354 princi·
317 297 447 352 poeti·
474 295 676 338 arabibus
704 297 863 347 unitata,
904 298 1059 337 concisa
1089 296 1156 338 illa
1179 295 1475 351 grandibusque
1496 298 1604 338 anti-

149 379 316 432 quisque
358 377 495 418 verbis
531 382 691 427 ornata,
740 382 780 416 et
822 375 936 416 stilus
985 377 1053 416 ille
1099 375 1333 426 adstrictus,
1378 376 1599 417 verborum

145 469 310 510 parcus,
361 469 440 509 quo
477 454 697 509 proverbia
734 454 892 495 arabica
928 454 1034 495 dicta
1069 462 1171 496 sunt.
1246 454 1598 510 Quemadmodum

145 535 254 575 enim
283 535 351 588 qui
382 535 515 575 latinia
539 535 683 576 litteris
708 532 949 574 erudiuntur
975 534 1129 588 primos
1150 534 1377 575 volvendoa
1395 536 1597 589 accipiunt

143 614 269 655 libro·
299 614 499 664 Caesar-ia,
539 613 672 663 Livii,
708 612 914 653 Ciceronis
933 619 975 652 et
991 614 1168 653 carmina
1183 615 1346 668 Virgilii
1365 621 1407 655 et
1421 615 1595 663 Horatii,

145 694 297 747 quippe
335 692 479 747 quibua
516 692 648 745 major
682 691 843 744 linguae
881 706 976 746 pars
1005 698 1047 733 et
1072 693 1324 734 usitatissima
1353 693 1595 742 continetur,

142 772 270 812 nerim
295 785 398 813 vero
426 770 682 811 adducuntur
708 771 760 811 ad
787 771 957 826 legenda
986 786 1051 822 ea,
1091 785 1193 825 quae
1210 772 1399 826 tingulari
1419 771 1593 825 quodam

144 852 301 901 colore,
353 864 482 905 eoque
523 850 592 891 vel
641 849 842 901 obsoleto,
897 850 966 891 vel
1012 848 1132 891 nimia
1180 851 1398 910 artificioso
1412 880 1424 901 ,
1474 849 1595 889 tincta

142 929 360 981 videntur,
405 929 534 970 veluti
571 934 665 969 nunt
704 928 799 969 libri
827 929 981 980 Taciti,
1020 931 1212 984 Apuleii,
1250 929 1512 978 Tertulliani,
1553 933 1593 966 et

142 1010 318 1050 carmina
354 1009 486 1050 Plauti
523 1014 564 1048 et
600 1008 805 1059 Lucretii,
845 1008 903 1047 ita
930 1009 1048 1049 etiam
1078 1010 1122 1049 in
1150 1008 1400 1049 addiscendis
1427 1006 1594 1047 arabicis

142 1089 265 1143 primi
309 1087 471 1141 legendi
516 1086 616 1127 mihi
662 1086 855 1128 videntur
901 1087 997 1128 libri
1044 1087 1224 1128 historici
1267 1088 1358 1147 etilo
1404 1101 1509 1141 puro
1552 1091 1592 1124 et

142 1167 316 1222 simplici
361 1166 535 1215 exarati,
587 1171 629 1205 et
677 1165 745 1219 qui
789 1165 867 1205 alia
907 1172 1140 1219 argumenta
1159 1153 1359 1207 Qractant
1405 1180 1592 1207 sermone

142 1249 293 1303 polito,
337 1259 470 1299 neque
505 1250 642 1284 tamen
678 1244 894 1285 artificiose
928 1252 1144 1296 exornato,
1189 1244 1336 1286 deinde
1369 1259 1471 1286 vero
1500 1245 1595 1285 vol-

142 1327 269 1369 vendi
292 1327 324 1367 ii
349 1339 509 1380 quoque
535 1323 651 1375 libri,
697 1325 765 1377 qui
794 1325 1009 1377 singularia
1034 1324 1194 1365 dicendi
1222 1337 1368 1379 genera
1394 1323 1593 1377 aperiunt,

145 1421 198 1447 ex
242 1405 386 1459 quibus
430 1410 524 1444 sunt
566 1405 775 1454 Koranue,
823 1404 1033 1457 priscaque
1072 1405 1247 1444 carmina
1285 1411 1327 1444 et
1360 1402 1591 1457 proverbia.

145 1488 304 1536 Serme,
331 1498 411 1537 quo
436 1483 684 1536 conscriptus
716 1484 903 1523 Koranus
932 1490 1012 1535 est,
1048 1484 1092 1524 in
1120 1483 1197 1523 hoc
1224 1485 1311 1524 solo
1335 1483 1441 1524 libro
1468 1496 1592 1535 repe-
1634 1537 1635 1544 ἵ

141 1565 268 1615 ritur;
314 1562 444 1602 oratio
470 1576 593 1612 vero,
629 1576 705 1615 qua
735 1559 967 1603 El‘mesfidi
986 1569 1027 1602 et
1043 1563 1248 1613 Ettaberi,
1291 1562 1491 1612 historici,
1530 1562 1591 1601 usi

142 1649 257 1693 aunt,
297 1655 387 1682 cam
414 1641 458 1680 in
493 1641 711 1692 sexcentis,
755 1643 826 1682 vel
851 1642 986 1695 potius
1014 1642 1058 1682 in
1085 1657 1159 1682 sex
1188 1643 1364 1682 millibus
1390 1643 1589 1682 librorum

141 1726 375 1776 usurpatam
408 1719 712 1773 deprehende83
760 1735 881 1774 quam
918 1721 970 1761 ob
1009 1736 1099 1762 rem
1136 1722 1211 1762 hac
1250 1722 1433 1762 oratione
1459 1722 1591 1774 prima

143 1803 296 1842 tirones
331 1799 534 1850 imbuere,
582 1799 782 1852 antiquius
829 1801 959 1841 rebar.
1035 1801 1146 1841 Haec
1194 1815 1356 1842 mecum
1399 1807 1591 1853 reputans

142 1880 292 1934 primns
341 1878 436 1918 dedi
479 1880 634 1932 aliquot
678 1868 949 1931 narrationes,
994 1894 1047 1920 ex
1093 1881 1199 1921 libro
1250 1880 1431 1920 noctium
1480 1880 1592 1919 mille

142 1966 260 2012 atque
285 1959 427 2008 unius,
464 1964 505 1997 ct
530 1958 618 1998 aliis
644 1957 878 2012 hujusmodi
911 1959 1026 1999 libris
1065 1960 1347 2014 depromptas,
1379 1947 1492 2012 ‘quae
1525 1972 1593 1999 res

142 2037 377 2077 domesticas
403 2037 642 2090 negotiaque
668 2038 897 2089 familiaria,
937 2039 1136 2093 simulque
1163 2039 1370 2092 ingenium
1399 2045 1439 2078 et
1458 2052 1591 2077 mores

140 2116 324 2158 Arabum
361 2115 609 2167 describunt,
654 2117 746 2157 sfilo
784 2119 958 2172 simplici
995 2125 1036 2159 et
1069 2119 1275 2165 interdum
1311 2118 1592 2170 negligentiori

142 2201 343 2246 exaratas,
380 2209 502 2248 quem
531 2203 687 2248 tamen,
725 2204 918 2250 quantum
943 2198 1111 2250 licebat,
1150 2198 1203 2238 ad
1220 2204 1436 2252 praecepta
1456 2211 1590 2250 gram-

141 2275 285 2314 matica
329 2273 498 2315 reficere
542 2275 677 2316 studui
688 2290 700 2326 ;
754 2278 929 2331 amplam
979 2278 1204 2318 formarum
1243 2278 1592 2330 grammaticarum

141 2354 302 2408 copiam
324 2353 603 2414 explicandam
621 2356 812 2409 magistro
828 2363 870 2399 et
887 2356 1090 2411 discipulis
1113 2357 1214 2398 haec
1241 2356 1445 2397 exhibent,
1501 2357 1593 2397 Ad-

142 2434 220 2486 jeci
235 2433 454 2487 specimina
469 2435 663 2475 nonnulla
683 2449 916 2489 magnarum
935 2436 1163 2476 fabularum
1185 2436 1458 2495 arabicarum,
1494 2449 1592 2488 quas

143 2512 314 2552 milesias
340 2520 522 2564 veteres,
557 2527 815 2555 romanenses
839 2528 989 2556 vocare
1022 2517 1153 2555 solent
1179 2515 1364 2556 homines
1388 2516 1591 2555 recentio-

142 2604 229 2641 res,
266 2604 319 2631 ex
343 2605 390 2631 ea
417 2574 567 2632 scilicet
594 2607 696 2646 quae
718 2600 975 2647 nuncupatur
992 2594 1159 2634 historia
1173 2587 1435 2644 bellatorum,
1471 2601 1592 2647 atque

143 2685 195 2710 cx
220 2671 385 2712 historia
413 2672 591 2735 Antarae
619 2681 747 2726 sumta
759 2688 770 2723 ;
817 2672 917 2714 haec
941 2673 1032 2729 stilo
1060 2675 1181 2728 paulo
1209 2675 1344 2715 altiori
1372 2675 1593 2728 composita
