1780 3008
519 837 1175 889 PRAEFATIO.

127 1024 337 1098 Linum
365 1050 539 1092 arabicas
558 1051 701 1100 senae,
741 1056 861 1103 atque
881 1049 1028 1089 deinde
1047 1047 1389 1101 Gryphisvnldiae
1408 1050 1583 1092 tradenti

129 1130 230 1172 mihi
271 1129 382 1171 haud
420 1130 603 1181 exiguam
642 1128 855 1167 utilitatem
895 1127 1054 1179 capturi
1083 1125 1163 1165 visi
1193 1132 1287 1165 sunt
1318 1126 1501 1181 discipuli
1532 1142 1586 1169 ex

129 1210 256 1260 libro,
293 1209 364 1249 vel
391 1207 623 1247 academicis
652 1206 798 1247 scholis
827 1206 1088 1260 explicando,
1126 1206 1193 1245 vel
1220 1207 1252 1245 si
1279 1208 1470 1259 magistro
1497 1209 1585 1261 quis

129 1295 263 1332 careat
279 1288 449 1341 privatis
468 1286 610 1326 studiis
626 1286 857 1336 tractando,
889 1287 1085 1339 qui,locos
1102 1285 1280 1324 arabicos
1298 1299 1422 1338 quum
1446 1301 1587 1327 emen·

132 1367 225 1408 date
254 1367 407 1418 editos,
456 1373 544 1406 tum
573 1366 779 1406 vocalibus
820 1365 1042 1404 accuratius
1091 1364 1301 1418 adscriptis
1341 1365 1588 1419 adjectisque

132 1448 265 1488 lexico
294 1452 336 1486 et
360 1445 681 1486 adnotationibus
710 1446 940 1498 explanatos
968 1445 1182 1498 juvenibus
1211 1445 1480 1485 nobilissimae
1507 1446 1588 1486 lin-

133 1540 233 1580 guae
252 1525 516 1566 addiscendae
535 1525 720 1564 studiosis
746 1524 981 1574 exhiberet3
1026 1524 1155 1564 lexica
1182 1524 1339 1564 arabica
1360 1526 1467 1564 enim
1488 1539 1589 1579 quae

135 1611 294 1646 exstant
311 1604 404 1645 ideo
425 1619 449 1644 a
465 1605 662 1645 tironibus
684 1618 853 1658 perraro
874 1605 917 1643 in
939 1617 1056 1642 usum
1076 1603 1259 1644 adhiberi
1277 1611 1466 1658 possunt,
1498 1606 1591 1658 quia

134 1684 295 1726 nonnisi
318 1699 463 1738 magno
493 1691 629 1724 sumtu
649 1685 843 1737 parabilia
864 1690 967 1723 sunt.
1024 1684 1267 1736 Hujusmodi
1287 1685 1438 1723 librum
1455 1685 1592 1737 itaque

135 1764 188 1803 ad
213 1763 506 1819 conficiendum
533 1778 658 1818 quum
674 1764 852 1804 animum
871 1764 1132 1817 appulissem,
1173 1763 1348 1803 eundem
1366 1777 1451 1804 non
1468 1764 1591 1803 modo

138 1842 353 1895 discipulis,
380 1858 525 1883 verum
549 1843 793 1883 doctioribus
810 1845 912 1883 viris
926 1857 1085 1897 quoque
1103 1844 1226 1895 magis
1245 1845 1365 1883 etiam
1386 1858 1594 1884 commen-

139 1921 314 1961 dabilem
342 1936 408 1961 me
437 1923 641 1963 editurum
671 1925 921 1974 existimavi,
965 1925 997 1963 si
1032 1925 1076 1963 in
1115 1904 1208 1962 enm
1244 1924 1445 1963 referrem
1482 1924 1594 1963 locos

137 2000 333 2051 ineditos,
371 2002 441 2054 qui
459 2002 511 2040 ad
530 2002 811 2042 illustrandum
831 2004 1035 2056 ingenium
1058 2003 1352 2043 Moslemorum
1374 2016 1597 2055 eorumque

140 2078 348 2120 historiam
385 2080 576 2121 facerent.
635 2082 760 2134 Quod
794 2088 842 2121 ut
873 2082 1100 2133 efficerem,
1138 2097 1191 2122 ex
1231 2064 1435 2121 codicibus
1474 2096 1598 2121 manu

141 2158 300 2211 scriptis
334 2158 643 2211 Parisiensibus,
693 2160 892 2200 Gothanis
939 2167 980 2200 et
1026 2162 1374 2210 Berolinensibus,
1425 2174 1600 2213 quorum

142 2237 444 2278 volvendorum
473 2240 589 2291 copia
616 2239 799 2279 mihimet
817 2241 894 2293 ipsi
915 2241 1019 2280 facta
1038 2241 1134 2291 fuit,
1174 2242 1284 2280 locos
1302 2239 1502 2288 ineditos,
1530 2230 1617 2291 qui'

143 2315 197 2354 ad
218 2317 300 2357 tale
327 2317 424 2369 quid
450 2326 631 2371 spectare
656 2320 923 2370 videbantur,
970 2321 1091 2372 elegi,
1140 2332 1288 2372 eosque
1327 2318 1450 2357 modo
1479 2331 1602 2370 supra

144 2402 368 2435 memorato
393 2397 625 2448 explanatos
654 2398 731 2439 hoc
754 2401 859 2439 libro
880 2400 1116 2452 complexus
1135 2415 1236 2439 sum.
1296 2397 1462 2449 Singula
1488 2410 1603 2447 vero,

147 2487 250 2526 quae
276 2474 319 2514 in
349 2474 429 2514 hoc
451 2478 614 2529 negotio
639 2474 901 2532 perficiendo*
913 2485 1119 2532 praestare
1150 2478 1286 2530 volui,
1322 2475 1422 2516 haec
1439 2476 1606 2531 potissi·

138 2565 259 2597 ⁴mum
280 2553 456 2603 fuerunt.
502 2585 506 2590 .

259 2631 442 2673 Pn‘mum
470 2634 712 2687 scripturam
735 2636 940 2676 vocalibus
965 2637 1022 2676 ita
1047 2641 1231 2675 accurate
1249 2635 1487 2682 instructam
1510 2634 1607 2675 dare

149 2709 287 2761 volui,
321 2715 370 2751 nt
383 2711 534 2767 ubique
552 2715 776 2769 praeceptis
795 2715 1063 2769 grammaticis
1081 2715 1176 2754 satis
1196 2714 1336 2766 fieret3
1386 2717 1496 2767 qnod
1519 2714 1609 2754 fieri

158 2818 188 2832 2.
985 2792 1144 2833 U'n
